<?xml version="1.0" encoding="UTF-8"?><collection xmlns="http://www.loc.gov/MARC21/slim"><record><leader>00600nam--2200181-i-4500</leader><controlfield tag="001">000014442</controlfield><controlfield tag="002">20161230</controlfield><controlfield tag="005">20161230201030</controlfield><controlfield tag="008">060222s1000------------r-----000-0-fre-d</controlfield><datafield ind1=" " ind2=" " tag="040"><subfield code="a">IFIN-HH</subfield></datafield><datafield ind1=" " ind2=" " tag="041"><subfield code="a">fre</subfield></datafield><datafield ind1=" " ind2=" " tag="080"><subfield code="a">537.312.7(043)</subfield></datafield><datafield ind1="1" ind2=" " tag="100"><subfield code="a">Abdel-makasoud, Safaa Mohamed</subfield></datafield><datafield ind1="1" ind2="0" tag="245"><subfield code="a">Conduction en champs electriques intenses et phenomenes de commutation dans les borures de silicium riches en bore</subfield><subfield code="b">These</subfield><subfield code="c">Safaa mohamed abdel-makasoud</subfield></datafield><datafield ind1=" " ind2=" " tag="260"><subfield code="a">Montpellier</subfield><subfield code="b">Universite Des Scinces Et Techniques</subfield><subfield code="c">1981</subfield></datafield><datafield ind1=" " ind2=" " tag="300"><subfield code="a">81 P</subfield></datafield><datafield ind1=" " ind2=" " tag="852"><subfield code="a">71058</subfield><subfield code="c">537:538</subfield></datafield><datafield ind1=" " ind2=" " tag="CAT"><subfield code="a">Sys</subfield><subfield code="c">20110627</subfield><subfield code="h">094854</subfield></datafield></record></collection>